@article{mccorquodale2011high,
  title={A high-order finite-volume method for conservation laws on locally refined grids},
  author={McCorquodale, Peter and Colella, Phillip},
  journal={Communications in Applied Mathematics and Computational Science},
  volume={6},
  number={1},
  pages={1--25},
  year={2011},
  publisher={Mathematical Sciences Publishers}
}
@article{mongwane2015toward,
  title={Toward a consistent framework for high order mesh refinement schemes in numerical relativity},
  author={Mongwane, Bishop},
  journal={General Relativity and Gravitation},
  volume={47},
  pages={1--21},
  year={2015},
  publisher={Springer}
}
